
@article{weiss2016survey,
  title={A survey of transfer learning},
  author={Weiss, Karl and Khoshgoftaar, Taghi M and Wang, DingDing},
  journal={Journal of Big data},
  volume={3},
  number={1},
  pages={1--40},
  year={2016},
  publisher={SpringerOpen}
}

@inproceedings{reed2016learning,
  title={Learning deep representations of fine-grained visual descriptions},
  author={Reed, Scott and Akata, Zeynep and Lee, Honglak and Schiele, Bernt},
  booktitle={Proceedings of the IEEE conference on computer vision and pattern recognition},
  pages={49--58},
  year={2016}
}

@article{gudivada1995content,
  title={Content based image retrieval systems},
  author={Gudivada, Venkat N and Raghavan, Vijay V},
  journal={Computer},
  volume={28},
  number={9},
  pages={18--22},
  year={1995},
  publisher={IEEE}
}

@inproceedings{li2011text,
  title={Text-based image retrieval using progressive multi-instance learning},
  author={Li, Wen and Duan, Lixin and Xu, Dong and Tsang, Ivor Wai-Hung},
  booktitle={2011 International Conference on Computer Vision},
  pages={2049--2055},
  year={2011},
  organization={IEEE}
}

@article{latif2019content,
  title={Content-based image retrieval and feature extraction: a comprehensive review},
  author={Latif, Afshan and Rasheed, Aqsa and Sajid, Umer and Ahmed, Jameel and Ali, Nouman and Ratyal, Naeem Iqbal and Zafar, Bushra and Dar, Saadat Hanif and Sajid, Muhammad and Khalil, Tehmina},
  journal={Mathematical Problems in Engineering},
  volume={2019},
  year={2019},
  publisher={Hindawi}
}

@article{sanh2019distilbert,
  title={DistilBERT, a distilled version of BERT: smaller, faster, cheaper and lighter},
  author={Sanh, Victor and Debut, Lysandre and Chaumond, Julien and Wolf, Thomas},
  journal={arXiv preprint arXiv:1910.01108},
  year={2019}
}

@article{simonyan2014very,
  title={Very deep convolutional networks for large-scale image recognition},
  author={Simonyan, Karen and Zisserman, Andrew},
  journal={arXiv preprint arXiv:1409.1556},
  year={2014}
}

@inproceedings{he2016deep,
  title={Deep residual learning for image recognition},
  author={He, Kaiming and Zhang, Xiangyu and Ren, Shaoqing and Sun, Jian},
  booktitle={Proceedings of the IEEE conference on computer vision and pattern recognition},
  pages={770--778},
  year={2016}
}

@inproceedings{szegedy2016rethinking,
  title={Rethinking the inception architecture for computer vision},
  author={Szegedy, Christian and Vanhoucke, Vincent and Ioffe, Sergey and Shlens, Jon and Wojna, Zbigniew},
  booktitle={Proceedings of the IEEE conference on computer vision and pattern recognition},
  pages={2818--2826},
  year={2016}
}

@article{welinder2010caltech,
  title={Caltech-UCSD birds 200},
  author={Welinder, Peter and Branson, Steve and Mita, Takeshi and Wah, Catherine and Schroff, Florian and Belongie, Serge and Perona, Pietro},
  year={2010},
  publisher={California Institute of Technology}
}

@InProceedings{Nilsback08,
  author       = "Maria-Elena Nilsback and Andrew Zisserman",
  title        = "Automated Flower Classification over a Large Number of Classes",
  booktitle    = "Indian Conference on Computer Vision, Graphics and Image Processing",
  month        = "Dec",
  year         = "2008",
}

@inproceedings{reed2016generative,
  title={Generative adversarial text to image synthesis},
  author={Reed, Scott and Akata, Zeynep and Yan, Xinchen and Logeswaran, Lajanugen and Schiele, Bernt and Lee, Honglak},
  booktitle={International conference on machine learning},
  pages={1060--1069},
  year={2016},
  organization={PMLR}
}

@article{vrehuuvrek2011gensim,
  title={Gensimâ€”statistical semantics in python},
  author={{\v{R}}eh{\uu}{\v{r}}ek, Radim and Sojka, Petr and others},
  journal={Retrieved from genism. org},
  year={2011}
}

@article{wolf2019huggingface,
  title={Huggingface's transformers: State-of-the-art natural language processing},
  author={Wolf, Thomas and Debut, Lysandre and Sanh, Victor and Chaumond, Julien and Delangue, Clement and Moi, Anthony and Cistac, Pierric and Rault, Tim and Louf, R{\'e}mi and Funtowicz, Morgan and others},
  journal={arXiv preprint arXiv:1910.03771},
  year={2019}
}

@article{paszke2019pytorch,
  title={Pytorch: An imperative style, high-performance deep learning library},
  author={Paszke, Adam and Gross, Sam and Massa, Francisco and Lerer, Adam and Bradbury, James and Chanan, Gregory and Killeen, Trevor and Lin, Zeming and Gimelshein, Natalia and Antiga, Luca and others},
  journal={Advances in neural information processing systems},
  volume={32},
  year={2019}
}

@article{pedregosa2011scikit,
  title={Scikit-learn: Machine learning in Python},
  author={Pedregosa, Fabian and Varoquaux, Ga{\"e}l and Gramfort, Alexandre and Michel, Vincent and Thirion, Bertrand and Grisel, Olivier and Blondel, Mathieu and Prettenhofer, Peter and Weiss, Ron and Dubourg, Vincent and others},
  journal={the Journal of machine Learning research},
  volume={12},
  pages={2825--2830},
  year={2011},
  publisher={JMLR. org}
}

@techreport{buckley1985implementation,
  title={Implementation of the SMART information retrieval system},
  author={Buckley, Chris},
  year={1985},
  institution={Cornell University}
}

@article{vaswani2017attention,
  title={Attention is all you need},
  author={Vaswani, Ashish and Shazeer, Noam and Parmar, Niki and Uszkoreit, Jakob and Jones, Llion and Gomez, Aidan N and Kaiser, {\L}ukasz and Polosukhin, Illia},
  journal={Advances in neural information processing systems},
  volume={30},
  year={2017}
}

@article{devlin2018bert,
  title={Bert: Pre-training of deep bidirectional transformers for language understanding},
  author={Devlin, Jacob and Chang, Ming-Wei and Lee, Kenton and Toutanova, Kristina},
  journal={arXiv preprint arXiv:1810.04805},
  year={2018}
}

@article{beltagy2019scibert,
  title={SciBERT: A pretrained language model for scientific text},
  author={Beltagy, Iz and Lo, Kyle and Cohan, Arman},
  journal={arXiv preprint arXiv:1903.10676},
  year={2019}
}

@article{de2020optimal,
  title={Optimal subarchitecture extraction for bert},
  author={de Wynter, Adrian and Perry, Daniel J},
  journal={arXiv preprint arXiv:2010.10499},
  year={2020}
}

@inproceedings{deng2009imagenet,
  title={Imagenet: A large-scale hierarchical image database},
  author={Deng, Jia and Dong, Wei and Socher, Richard and Li, Li-Jia and Li, Kai and Fei-Fei, Li},
  booktitle={2009 IEEE conference on computer vision and pattern recognition},
  pages={248--255},
  year={2009},
  organization={Ieee}
}

@inproceedings{jegou2014triangulation,
  title={Triangulation embedding and democratic aggregation for image search},
  author={J{\'e}gou, Herv{\'e} and Zisserman, Andrew},
  booktitle={Proceedings of the IEEE conference on computer vision and pattern recognition},
  pages={3310--3317},
  year={2014}
}
